<?xml version="1.0" encoding="UTF-8"?><collection xmlns="http://www.loc.gov/MARC21/slim"><record><leader>00384nam--2200133-i-4500</leader><controlfield tag="001">000001366</controlfield><controlfield tag="002">20161230</controlfield><controlfield tag="005">20161230201024</controlfield><controlfield tag="008">060222s1000------------r-----000-0-eng-d</controlfield><datafield ind1=" " ind2=" " tag="080"><subfield code="a">621.327.6</subfield></datafield><datafield ind1=" " ind2=" " tag="100"><subfield code="a">Giureanu, Petre,. Gavrila, Horia</subfield></datafield><datafield ind1=" " ind2=" " tag="245"><subfield code="a">Inregistrari magnetice digitale. capete magnetice</subfield></datafield><datafield ind1=" " ind2=" " tag="260"><subfield code="a">Bucuresti, Ed.Stiintifica Si Enciclopedica, 1987. 438 P</subfield></datafield><datafield ind1=" " ind2=" " tag="852"><subfield code="a">74155</subfield></datafield></record></collection>